@article{vaswani2017attention,
  title={Attention is all you need},
  author={Vaswani, Ashish and Shazeer, Noam and Parmar, Niki and Uszkoreit, Jakob and Jones, Llion and Gomez, Aidan N and Kaiser, {\L}ukasz and Polosukhin, Illia},
  journal={Advances in neural information processing systems},
  volume={30},
  year={2017}
}
@article{brown2020language,
  title={Language models are few-shot learners},
  author={Brown, Tom and Mann, Benjamin and Ryder, Nick and Subbiah, Melanie and Kaplan, Jared D and Dhariwal, Prafulla and Neelakantan, Arvind and Shyam, Pranav and Sastry, Girish and Askell, Amanda and others},
  journal={Advances in neural information processing systems},
  volume={33},
  pages={1877--1901},
  year={2020}
}
@misc{OpenAI2023,
    title = {GPT Models API},
    author = {OpenAI},
    year = {2023},
    url = {https://platform.openai.com/docs/guides/gpt},
    note = {Accessed: 2023-08-07}
}

@misc{LangChain,
    title = {LangChain Framework},
    author = {LangChain},
    year = {2023},
    url = {https://python.langchain.com/docs/use_cases/qa_structured/sql},
    note = {Accessed: 2023-11-15}
}

@misc{diabetes,
    title = {Kaggle: Diabetes Prediction Dataset},
    author = {Nehal Birla},
    year = {2023},
    url = {https://www.kaggle.com/datasets/iammustafatz/diabetes-prediction-dataset},
    note = {Accessed: 2023-11-15}
}

@misc{vehicle,
    title = {Kaggle: Vehicle Dataset},
    author = {Kaggle},
    year = {2023},
    url = {https://www.kaggle.com/datasets/nehalbirla/vehicle-dataset-from-cardekho},
    note = {Accessed: 2023-11-15}
}



@inproceedings{tavares2022adaptive,
  title={Adaptive Method for Machine Learning Model Selection in Data Science Projects},
  author={Tavares, Cristina and Nascimento, Nathalia and Alencar, Paulo and Cowan, Donald},
  booktitle={2022 IEEE International Conference on Big Data (Big Data)},
  pages={2682--2688},
  year={2022},
  organization={IEEE}
}

@article{halevy2023will,
  title={Will LLMs reshape, supercharge, or kill data science?(VLDB 2023 Panel)},
  author={Halevy, Alon and Choi, Yejin and Floratou, Avrilia and Franklin, Michael J and Noy, Natasha and Wang, Haixun},
  journal={Proceedings of the VLDB Endowment},
  volume={16},
  number={12},
  pages={4114--4115},
  year={2023},
  publisher={VLDB Endowment}
}

@article{vert2023will,
  title={How will generative AI disrupt data science in drug discovery?},
  author={Vert, Jean-Philippe},
  journal={Nature Biotechnology},
  pages={1--2},
  year={2023},
  publisher={Nature Publishing Group US New York}
}
@article{chopra2023conversational,
  title={Conversational Challenges in AI-Powered Data Science: Obstacles, Needs, and Design Opportunities},
  author={Chopra, Bhavya and Singha, Ananya and Fariha, Anna and Gulwani, Sumit and Parnin, Chris and Tiwari, Ashish and Henley, Austin Z},
  journal={arXiv preprint arXiv:2310.16164},
  year={2023}
}

@inproceedings{john2023datachat,
  title={DataChat: An Intuitive and Collaborative Data Analytics Platform},
  author={John, Rogers Jeffrey Leo and Bacon, Dylan and Chen, Junda and Ramesh, Ushmal and Li, Jiatong and Das, Deepan and Claus, Robert and Kendall, Amos and Patel, Jignesh M},
  booktitle={Companion of the 2023 International Conference on Management of Data},
  pages={203--215},
  year={2023}
}
@article{troy2023enabling,
  title={Enabling Generative AI to Produce SQL Statements: A Framework for the Auto-Generation of Knowledge Based on EBNF Context-Free Grammars},
  author={Troy, Christopher and Sturley, Sean and Alcaraz-Calero, Jose M and Wang, Qi},
  journal={IEEE Access},
  volume={11},
  pages={123543--123564},
  year={2023},
  publisher={IEEE}
}

@article{ji2023survey,
  title={Survey of hallucination in natural language generation},
  author={Ji, Ziwei and Lee, Nayeon and Frieske, Rita and Yu, Tiezheng and Su, Dan and Xu, Yan and Ishii, Etsuko and Bang, Ye Jin and Madotto, Andrea and Fung, Pascale},
  journal={ACM Computing Surveys},
  volume={55},
  number={12},
  pages={1--38},
  year={2023},
  publisher={ACM New York, NY}
}

@inproceedings{liao2020questioning,
  title={Questioning the AI: informing design practices for explainable AI user experiences},
  author={Liao, Q Vera and Gruen, Daniel and Miller, Sarah},
  booktitle={Proceedings of the 2020 CHI conference on human factors in computing systems},
  pages={1--15},
  year={2020}
}

@inproceedings{aher2023using,
  title={Using large language models to simulate multiple humans and replicate human subject studies},
  author={Aher, Gati V and Arriaga, Rosa I and Kalai, Adam Tauman},
  booktitle={International Conference on Machine Learning},
  pages={337--371},
  year={2023},
  organization={PMLR}
}
@inproceedings{nevsic2019principles,
  title={Principles of feature modeling},
  author={Ne{\v{s}}i\'{c}, Damir and Kr{\"u}ger, Jacob and St{\u{a}}nciulescu, \c{S}tefan and Berger, Thorsten},
  booktitle={Proceedings of the 2019 27th ACM joint meeting on European software engineering conference and symposium on the foundations of software engineering},
  pages={62--73},
  year={2019}
}

@article{svahnberg2005taxonomy,
  title={A taxonomy of variability realization techniques},
  author={Svahnberg, Mikael and Van Gurp, Jilles and Bosch, Jan},
  journal={Software: Practice and experience},
  volume={35},
  number={8},
  pages={705--754},
  year={2005},
  publisher={Wiley Online Library}
}
@incollection{kang2013variability,
  title={Variability modeling},
  author={Kang, Kyo C and Lee, Hyesun},
  booktitle={Systems and Software Variability Management: Concepts, Tools and Experiences},
  pages={25--42},
  year={2013},
  publisher={Springer}
}
@article{chicco2020machine,
  title={Machine learning can predict survival of patients with heart failure from serum creatinine and ejection fraction alone},
  author={Chicco, Davide and Jurman, Giuseppe},
  journal={BMC medical informatics and decision making},
  volume={20},
  number={1},
  pages={1--16},
  year={2020},
  publisher={BioMed Central}
}
@article{leenings2021photonai,
  title={PHOTONAI—A Python API for rapid machine learning model development},
  author={Leenings, Ramona and Winter, Nils Ralf and Plagwitz, Lucas and Holstein, Vincent and Ernsting, Jan and Sarink, Kelvin and Fisch, Lukas and Steenweg, Jakob and Kleine-Vennekate, Leon and Gebker, Julian and others},
  journal={Plos one},
  volume={16},
  number={7},
  pages={e0254062},
  year={2021},
  publisher={Public Library of Science San Francisco, CA USA}
}
@inproceedings{nathalia2023artificial,
  title={Artificial Intelligence vs. Software Engineers: An Empirical Study on Performance and Efficiency using ChatGPT},
  author={Nathalia, Nascimento and Paulo, Alencar and Donald, Cowan},
  booktitle={Proceedings of the 33rd Annual International Conference on Computer Science and Software Engineering},
  pages={24--33},
  year={2023}
}
@article{fernandez2023large,
  title={How Large Language Models Will Disrupt Data Management},
  author={Fernandez, Raul Castro and Elmore, Aaron J and Franklin, Michael J and Krishnan, Sanjay and Tan, Chenhao},
  journal={Proceedings of the VLDB Endowment},
  volume={16},
  number={11},
  pages={3302--3309},
  year={2023},
  publisher={VLDB Endowment}
}

@inproceedings{nascimento2023gptloop,
  title={GPT-in-the-Loop: Supporting Adaptation in Multiagent Systems},
  author={Nascimento, Nathalia and Alencar, Paulo and Cowan, Donald},
  booktitle={2023 IEEE International Conference on Big Data (BigData)},
  pages={4674--4683},
  year={2023},
  organization={IEEE}
}

@book{wohlin2012experimentation,
  title={Experimentation in software engineering},
  author={Wohlin, Claes and Runeson, Per and H{\"o}st, Martin and Ohlsson, Magnus C and Regnell, Bj{\"o}rn and Wessl{\'e}n, Anders and others},
  volume={236},
  year={2012},
  publisher={Springer}
}
@inproceedings{coignion2024performance,
  title={A Performance Study of LLM-Generated Code on Leetcode},
  author={Coignion, Tristan and Quinton, Cl{\'e}ment and Rouvoy, Romain},
  booktitle={Proceedings of the 28th International Conference on Evaluation and Assessment in Software Engineering},
  pages={79--89},
  year={2024}
}
@article{kuhail2024will,
  title={“Will I be replaced?” Assessing ChatGPT's effect on software development and programmer perceptions of AI tools},
  author={Kuhail, Mohammad Amin and Mathew, Sujith Samuel and Khalil, Ashraf and Berengueres, Jose and Shah, Syed Jawad Hussain},
  journal={Science of Computer Programming},
  volume={235},
  pages={103111},
  year={2024},
  publisher={Elsevier}
}
@inproceedings{malekpour2024towards,
  title={Towards Optimizing SQL Generation via LLM Routing},
  author={Malekpour, Mohammadhossein and Shaheen, Nour and Khomh, Foutse and Mhedhbi, Amine},
  booktitle={NeurIPS 2024 Third Table Representation Learning Workshop}
}
@ARTICLE{Figueredo:2009dg,
   author = {Figueredo, A.~J. and Wolf, P. S.~A.},
   title = {Assortative pairing and life history strategy -- a cross-cultural study},
   journal = {Human Nature},
   volume = {20},
   pages = {317-330},
   year = {2009},
   doi={https://doi.org/10.1007/s12110-009-9068-2}
}

@MISC{Hao:gidmaps:2014,
  author = {Hao, Z. and AghaKouchak, A. and Nakhjiri, N. and Farahmand, A},
  year = {2014},
  title = {Global integrated drought monitoring and prediction system ({GIDMaPS}) data sets},
  howpublished = {\emph{figshare} \url{http://dx.doi.org/10.6084/m9.figshare.853801}}
}

@article{taecharungroj2023can,
  title={“What Can ChatGPT Do?” Analyzing Early Reactions to the Innovative AI Chatbot on Twitter},
  author={Taecharungroj, Viriya},
  journal={Big Data and Cognitive Computing},
  volume={7},
  number={1},
  pages={35},
  year={2023},
  publisher={Multidisciplinary Digital Publishing Institute}
}

@inproceedings{melo2022understanding,
  title={Understanding Levels of Automation in Human-Machine Collaboration},
  author={Melo, Glaucia and Nascimento, Nathalia and Alencar, Paulo and Cowan, Donald},
  booktitle={2022 IEEE International Conference on Big Data (Big Data)},
  pages={3952--3958},
  year={2022},
  organization={IEEE}
}

@inproceedings{gupta2017deepfix,
  title={Deepfix: Fixing common c language errors by deep learning},
  author={Gupta, Rahul and Pal, Soham and Kanade, Aditya and Shevade, Shirish},
  booktitle={Proceedings of the aaai conference on artificial intelligence},
  volume={31},
  number={1},
  year={2017}
}

@article{golzadeh2022recognizing,
  title={Recognizing bot activity in collaborative software development},
  author={Golzadeh, Mehdi and Mens, Tom and Decan, Alexandre and Constantinou, Eleni and Chidambaram, Natarajan},
  journal={IEEE Software},
  volume={39},
  number={5},
  pages={56--61},
  year={2022},
  publisher={IEEE}
}

@inproceedings{georgiou2022green,
  title={Green ai: Do deep learning frameworks have different costs?},
  author={Georgiou, Stefanos and Kechagia, Maria and Sharma, Tushar and Sarro, Federica and Zou, Ying},
  booktitle={Proceedings of the 44th International Conference on Software Engineering},
  pages={1082--1094},
  year={2022}
}
% Keynote abstract
@inproceedings{sarro2023automated,
  title={Automated Optimisation of Modern Software System Properties},
  author={Sarro, Federica},
  booktitle={Proceedings of the 2023 ACM/SPEC International Conference on Performance Engineering},
  pages={3--4},
  year={2023}
}
@article{white2023chatgpt,
  title={ChatGPT Prompt Patterns for Improving Code Quality, Refactoring, Requirements Elicitation, and Software Design},
  author={White, Jules and Hays, Sam and Fu, Quchen and Spencer-Smith, Jesse and Schmidt, Douglas C},
  doi={https://doi.org/10.48550/arXiv.2303.07839},
  year={2023}
}

@article{sobania2023analysis,
  title={An analysis of the automatic bug fixing performance of chatgpt},
  author={Sobania, Dominik and Briesch, Martin and Hanna, Carol and Petke, Justyna},
  doi={https://doi.org/10.48550/ARXIV.2301.08653},
  year={2023}
}
@article{kotti2023machine,
  title={Machine Learning for Software Engineering: A Tertiary Study},
  author={Kotti, Zoe and Galanopoulou, Rafaila and Spinellis, Diomidis},
  journal={ACM Computing Surveys},
  volume={55},
  number={12},
  pages={1--39},
  year={2023},
  publisher={ACM New York, NY}
}

@misc{eloundou2023gpts,
      title={GPTs are GPTs: An Early Look at the Labor Market Impact Potential of Large Language Models}, 
      author={Tyna Eloundou and Sam Manning and Pamela Mishkin and Daniel Rock},
      year={2023},
      eprint={2303.10130},
      archivePrefix={arXiv},
      primaryClass={econ.GN}
}

@misc{openai2023gpt4,
      title={GPT-4 Technical Report}, 
      author={OpenAI},
      year={2023},
      eprint={2303.08774},
      archivePrefix={arXiv},
      primaryClass={cs.CL}
}
@article {10.3844/jcssp.2021.490.510,
article_type = {journal},
title = {A Systematic Literature Review of Software Defect Prediction Using Deep Learning},
author = {Bahaa, Ahmed and Fathy, Enas Mohamed and Eldin, Ahmed Sharaf and Abd-Elmegid, Laila A.},
volume = {17},
number = {5},
year = {2021},
month = {May},
pages = {490-510},
doi = {10.3844/jcssp.2021.490.510},
url = {https://thescipub.com/abstract/jcssp.2021.490.510},
journal = {Journal of Computer Science},
publisher = {Science Publications}
}

@inproceedings{zamani2021machine,
  title={Machine learning in requirements engineering: A mapping study},
  author={Zamani, Kareshna and Zowghi, Didar and Arora, Chetan},
  booktitle={2021 IEEE 29th International Requirements Engineering Conference Workshops (REW)},
  pages={116--125},
  year={2021},
  organization={IEEE}
}

@article{li2020survey,
  title={A survey on renamings of software entities},
  author={Li, Guangjie and Liu, Hui and Nyamawe, Ally S},
  journal={ACM Computing Surveys (CSUR)},
  volume={53},
  number={2},
  pages={1--38},
  year={2020},
  publisher={ACM New York, NY, USA}
}

@article{frey2017future,
  title={The future of employment: How susceptible are jobs to computerisation?},
  author={Frey, Carl Benedikt and Osborne, Michael A},
  journal={Technological forecasting and social change},
  volume={114},
  pages={254--280},
  year={2017},
  publisher={Elsevier}
}

@article{10.1145/3457607,
author = {Mehrabi, Ninareh and Morstatter, Fred and Saxena, Nripsuta and Lerman, Kristina and Galstyan, Aram},
title = {A Survey on Bias and Fairness in Machine Learning},
year = {2021},
issue_date = {July 2022},
publisher = {Association for Computing Machinery},
address = {New York, NY, USA},
volume = {54},
number = {6},
issn = {0360-0300},
url = {https://doi.org/10.1145/3457607},
doi = {10.1145/3457607},
journal = {ACM Comput. Surv.},
month = {jul},
articleno = {115},
numpages = {35},
keywords = {natural language processing, Fairness and bias in artificial intelligence, machine learning, representation learning, deep learning}
}

@inproceedings{imai2022github,
  title={Is GitHub copilot a substitute for human pair-programming? An empirical study},
  author={Imai, Saki},
  booktitle={Proceedings of the ACM/IEEE 44th International Conference on Software Engineering: Companion Proceedings},
  pages={319--321},
  year={2022}
}

@inproceedings{nascimento2021approach,
  title={An Approach to Support Human-in-the-Loop Big Data Software Development Projects},
  author={Nascimento, Nathalia and Alencar, Paulo and Cowan, Donald},
  booktitle={2021 IEEE International Conference on Big Data (Big Data)},
  pages={2319--2326},
  year={2021},
  organization={IEEE}
}
@inproceedings{sobania2022choose,
  title={Choose your programming copilot: a comparison of the program synthesis performance of github copilot and genetic programming},
  author={Sobania, Dominik and Briesch, Martin and Rothlauf, Franz},
  booktitle={Proceedings of the Genetic and Evolutionary Computation Conference},
  pages={1019--1027},
  year={2022}
}
@inproceedings{10.1145/3524842.3528470,
author = {Nguyen, Nhan and Nadi, Sarah},
title = {An Empirical Evaluation of GitHub Copilot's Code Suggestions},
year = {2022},
isbn = {9781450393034},
publisher = {Association for Computing Machinery},
address = {New York, NY, USA},
url = {https://doi.org/10.1145/3524842.3528470},
doi = {10.1145/3524842.3528470},
booktitle = {Proceedings of the 19th International Conference on Mining Software Repositories},
pages = {1–5},
numpages = {5},
keywords = {codex, program synthesis, empirical evaluation, GitHub copilot},
location = {Pittsburgh, Pennsylvania},
series = {MSR '22}
}
@inproceedings{lertbanjongngam2022empirical,
  title={An Empirical Evaluation of Competitive Programming AI: A Case Study of AlphaCode},
  author={Lertbanjongngam, Sila and Chinthanet, Bodin and Ishio, Takashi and Kula, Raula Gaikovina and Leelaprute, Pattara and Manaskasemsak, Bundit and Rungsawang, Arnon and Matsumoto, Kenichi},
  booktitle={2022 IEEE 16th International Workshop on Software Clones (IWSC)},
  pages={10--15},
  year={2022},
  organization={IEEE}
}
@inproceedings{nguyen2022empirical,
  title={An empirical evaluation of GitHub copilot's code suggestions},
  author={Nguyen, Nhan and Nadi, Sarah},
  booktitle={Proceedings of the 19th International Conference on Mining Software Repositories},
  pages={1--5},
  year={2022}
}
@inproceedings{yetistiren2022assessing,
  title={Assessing the quality of GitHub copilot’s code generation},
  author={Yetistiren, Burak and Ozsoy, Isik and Tuzun, Eray},
  booktitle={Proceedings of the 18th International Conference on Predictive Models and Data Analytics in Software Engineering},
  pages={62--71},
  year={2022}
}
@article{chen2021evaluating,
  title={Evaluating large language models trained on code},
  author={Chen, Mark and Tworek, Jerry and Jun, Heewoo and Yuan, Qiming and Pinto, Henrique Ponde de Oliveira and Kaplan, Jared and Edwards, Harri and Burda, Yuri and Joseph, Nicholas and Brockman, Greg and others},
  journal={arXiv preprint arXiv:2107.03374},
  year={2021}
}
@inproceedings{pearce2022asleep,
  title={Asleep at the keyboard? assessing the security of github copilot’s code contributions},
  author={Pearce, Hammond and Ahmad, Baleegh and Tan, Benjamin and Dolan-Gavitt, Brendan and Karri, Ramesh},
  booktitle={2022 IEEE Symposium on Security and Privacy (SP)},
  pages={754--768},
  year={2022},
  organization={IEEE}
}
@article{li2022competition,
  title={Competition-level code generation with alphacode},
  author={Li, Yujia and Choi, David and Chung, Junyoung and Kushman, Nate and Schrittwieser, Julian and Leblond, R{\'e}mi and Eccles, Tom and Keeling, James and Gimeno, Felix and Dal Lago, Agustin and others},
  journal={Science},
  volume={378},
  number={6624},
  pages={1092--1097},
  year={2022},
  publisher={American Association for the Advancement of Science}
}

@article{welsh2022end,
  title={The End of Programming},
  author={Welsh, Matt},
  journal={Communications of the ACM},
  volume={66},
  number={1},
  pages={34--35},
  year={2022},
  publisher={ACM New York, NY, USA}
}

@article{chandel2022training,
  title={Training and evaluating a jupyter notebook data science assistant},
  author={Chandel, Shubham and Clement, Colin B and Serrato, Guillermo and Sundaresan, Neel},
  journal={arXiv preprint arXiv:2201.12901},
  year={2022}
}

@article{inala2022fault,
  title={Fault-aware neural code rankers},
  author={Inala, Jeevana Priya and Wang, Chenglong and Yang, Mei and Codas, Andres and Encarnaci{\'o}n, Mark and Lahiri, Shuvendu and Musuvathi, Madanlal and Gao, Jianfeng},
  journal={Advances in Neural Information Processing Systems},
  volume={35},
  pages={13419--13432},
  year={2022}
}

@inproceedings{bender2021dangers,
  title={On the Dangers of Stochastic Parrots: Can Language Models Be Too Big?},
  author={Bender, Emily M and Gebru, Timnit and McMillan-Major, Angelina and Shmitchell, Shmargaret},
  booktitle={Proceedings of the 2021 ACM conference on fairness, accountability, and transparency},
  pages={610--623},
  year={2021}
}

@article{melo2023designing,
  title={Designing Adaptive Developer-Chatbot Interactions: Context Integration, Experimental Studies, and Levels of Automation},
  author={Melo, Glaucia},
  journal={International Conference on Software Engineering},
  year={2023}
}
%https://platform.openai.com/docs/models/codex

@inproceedings{nascimento2018toward,
  title={Toward human-in-the-loop collaboration between software engineers and machine learning algorithms},
  author={Nascimento, Nathalia and Alencar, Paulo and Lucena, Carlos and Cowan, Donald},
  booktitle={2018 IEEE International Conference on Big Data (Big Data)},
  pages={3534--3540},
  year={2018},
  organization={IEEE}
}

@article{melo2023supporting,
  title={Supporting Contextual Conversational Agent-Based Software Development},
  author={Melo, Glaucia and Lins, Luis Fernando and Alencar, Paulo and Cowan, Donald},
  journal={International Conference on Software Engineering},
  year={2023}
}

@article{melo2023identifying,
  title={Identifying Factors that Impact Levels of Automation in Autonomous Systems},
  author={Melo, Glaucia and Nascimento, Nathalia and Alencar, Paulo and Cowan, Donald},
  journal={IEEE Access},
  year={2023},
  publisher={IEEE}
}

@article{chatterjee2023new,
  title={This new conversational AI model can be your friend, philosopher, and guide... and even your worst enemy},
  author={Chatterjee, Joyjit and Dethlefs, Nina},
  journal={Patterns},
  volume={4},
  number={1},
  year={2023},
  publisher={Elsevier}
}

@inproceedings{nascimento2023gpt,
  title={GPT in Data Science: A Practical Exploration of Model Selection},
  author={Nascimento, Nathalia and Tavares, Cristina and Alencar, Paulo and Cowan, Donald},
  booktitle={2023 IEEE International Conference on Big Data (BigData)},
  pages={4325--4334},
  year={2023},
  organization={IEEE}
}
@article{li2024can,
  title={Can llm already serve as a database interface? a big bench for large-scale database grounded text-to-sqls},
  author={Li, Jinyang and Hui, Binyuan and Qu, Ge and Yang, Jiaxi and Li, Binhua and Li, Bowen and Wang, Bailin and Qin, Bowen and Geng, Ruiying and Huo, Nan and others},
  journal={Advances in Neural Information Processing Systems},
  volume={36},
  year={2024}
}

@inproceedings{dong2024large,
  title={Large language models for tabular data: Progresses and future directions},
  author={Dong, Haoyu and Wang, Zhiruo},
  booktitle={Proceedings of the 47th International ACM SIGIR Conference on Research and Development in Information Retrieval},
  pages={2997--3000},
  year={2024}
}

@inproceedings{ghazzai2024harnessing,
  title={Harnessing GPT for Data Transformation Tasks},
  author={Ghazzai, Skander and Grigori, Daniela and Benatallah, Boualem and Rebai, Raja},
  booktitle={2024 IEEE International Conference on Web Services (ICWS)},
  pages={1329--1334},
  year={2024},
  organization={IEEE}
}

@inproceedings{kazemitabaar2024improving,
  title={Improving steering and verification in AI-assisted data analysis with interactive task decomposition},
  author={Kazemitabaar, Majeed and Williams, Jack and Drosos, Ian and Grossman, Tovi and Henley, Austin Zachary and Negreanu, Carina and Sarkar, Advait},
  booktitle={Proceedings of the 37th Annual ACM Symposium on User Interface Software and Technology},
  pages={1--19},
  year={2024}
}

@misc{stratascratch_master_coding,
  title = {Master Coding for Data Science},
  author = {{StrataScratch}},
  year = {n.d.},
  howpublished = {\url{https://www.stratascratch.com/}},
  note = {Accessed: 2024-11-01}
}

@article{doderlein4496380piloting,
  title={Piloting Copilot and Codex: Hot Temperature, Cold Prompts, or Black Magic?},
  author={D{\"o}derlein, Jean-Baptiste and Acher, Mathieu and Khelladi, Djamel Eddine and Combemale, Benoit},
  journal={Available at SSRN 4496380}
}

@inproceedings{lai2023ds,
  title={DS-1000: A natural and reliable benchmark for data science code generation},
  author={Lai, Yuhang and Li, Chengxi and Wang, Yiming and Zhang, Tianyi and Zhong, Ruiqi and Zettlemoyer, Luke and Yih, Wen-tau and Fried, Daniel and Wang, Sida and Yu, Tao},
  booktitle={International Conference on Machine Learning},
  pages={18319--18345},
  year={2023},
  organization={PMLR}
}

@article{gu2024effectiveness,
  title={On the effectiveness of large language models in domain-specific code generation},
  author={Gu, Xiaodong and Chen, Meng and Lin, Yalan and Hu, Yuhan and Zhang, Hongyu and Wan, Chengcheng and Wei, Zhao and Xu, Yong and Wang, Juhong},
  journal={ACM Transactions on Software Engineering and Methodology},
  year={2024},
  publisher={ACM New York, NY}
}
@inproceedings{grewal2024analyzing,
  title={Analyzing Developer Use of ChatGPT Generated Code in Open Source GitHub Projects},
  author={Grewal, Balreet and Lu, Wentao and Nadi, Sarah and Bezemer, Cor-Paul},
  booktitle={2024 IEEE/ACM 21st International Conference on Mining Software Repositories (MSR)},
  pages={157--161},
  year={2024},
  organization={IEEE}
}

@misc{easer-github,
  author       = {{EASER Lab}},
  title        = {{EASER - LLM4DataScience}},
  year         = {2024},
  publisher    = {GitHub},
  howpublished = {\url{https://github.com/psu-edu/EASER-LLM4Code-Study4}},
}

@misc{EASER_LLM4Code_Study4_2023,
  author={Boominathan, Santhosh Anitha and Chintakunta, Sai Sanjna and Nascimento, Nathalia and Guimaraes, Everton},
  title        = {{LLM4DS-Benchmark: A Dataset for Assessing LLM 
                   Performance in Data Science Coding Tasks}},
  month        = nov,
  year         = 2024,
  publisher    = {Zenodo},
  version      = {V 0},
  doi          = {10.5281/zenodo.14064111},
  url          = {https://doi.org/10.5281/zenodo.14064111}
}

@misc{polars2023,
  title={Polars: Blazingly fast DataFrames in Rust, Python, Node.js, R, and SQL},
  author={{Ritchie Vink}},
  year={2023},
  url={https://github.com/pola-rs/polars}
}

